<?xml version="1.0" encoding="UTF-8"?><collection xmlns="http://www.loc.gov/MARC21/slim"><record><leader>00459nam--2200169-u-4500</leader><controlfield tag="001">000051957</controlfield><controlfield tag="002">20161230</controlfield><controlfield tag="005">20161230201049</controlfield><controlfield tag="008">090512s1000------------r-----000-0-eng-d</controlfield><datafield ind1=" " ind2=" " tag="040"><subfield code="a">IFIN-HH</subfield></datafield><datafield ind1=" " ind2=" " tag="080"><subfield code="a">517.956.6</subfield></datafield><datafield ind1="1" ind2=" " tag="100"><subfield code="a">Dzhuraev,T.D.,Sopuev,A. si Mamazhanov,M</subfield></datafield><datafield ind1="1" ind2="0" tag="245"><subfield code="a">Kraevye Zadachi dlya Uravnenii Parabolo-Giperbolicheskogo Tipa</subfield></datafield><datafield ind1=" " ind2=" " tag="260"><subfield code="a">Tashkent</subfield><subfield code="b">Fan</subfield><subfield code="c">1986</subfield></datafield><datafield ind1=" " ind2=" " tag="300"><subfield code="a">220 p</subfield></datafield><datafield ind1=" " ind2=" " tag="852"><subfield code="a">74697</subfield><subfield code="c">517.9</subfield></datafield><datafield ind1=" " ind2=" " tag="CAT"><subfield code="a">Sys</subfield><subfield code="c">20090512</subfield><subfield code="h">091004</subfield></datafield></record></collection>